<?xml version="1.0" encoding="UTF-8"?><collection xmlns="http://www.loc.gov/MARC21/slim"><record><leader>00440nam--2200157-i-4500</leader><controlfield tag="001">000018094</controlfield><controlfield tag="002">20161230</controlfield><controlfield tag="005">20161230201032</controlfield><controlfield tag="008">060222s1000------------r-----000-0-rum-d</controlfield><datafield ind1=" " ind2=" " tag="041"><subfield code="a">rum</subfield></datafield><datafield ind1=" " ind2=" " tag="080"><subfield code="a">531</subfield></datafield><datafield ind1="1" ind2=" " tag="100"><subfield code="a">Dragnea, Ovidiu</subfield></datafield><datafield ind1="1" ind2="0" tag="245"><subfield code="a">Mecanisme. sisteme de transmitere si de transformare a miscarilor</subfield><subfield code="c">Ovidiu Dragnea</subfield></datafield><datafield ind1=" " ind2=" " tag="260"><subfield code="a">Bucuresti, Edit. Tehnica, 1952. 459-464 P</subfield></datafield><datafield ind1=" " ind2=" " tag="852"><subfield code="a">784</subfield><subfield code="c">531</subfield></datafield><datafield ind1=" " ind2=" " tag="CAT"><subfield code="a">Sys</subfield><subfield code="c">20100510</subfield><subfield code="h">150912</subfield></datafield></record></collection>